<collection xmlns="http://www.loc.gov/MARC21/slim"><record><leader>00656nam  2200193   450</leader><controlfield tag="001">847</controlfield><controlfield tag="003">http://montalegre.opacnet.com/OPAC/default.aspx?ContentAreaControl=ShowRegHoldings.ascx&amp;RegNo=16662</controlfield><datafield tag="095" ind1=" " ind2=" "><subfield code="a">PTBN00490053</subfield></datafield><datafield tag="100" ind1=" " ind2=" "><subfield code="a">19930914d1971    m  y0pory010305  ba</subfield></datafield><datafield tag="101" ind1="1" ind2=" "><subfield code="a">por</subfield><subfield code="c">eng</subfield></datafield><datafield tag="102" ind1=" " ind2=" "><subfield code="a">PT</subfield></datafield><datafield tag="200" ind1="1" ind2=" "><subfield code="a">&lt;O &gt;ninho das cegonhas</subfield><subfield code="f">Meindert Dejong</subfield><subfield code="g">trad. Maria Isabel Morna Dias Braga e Mário Augusto de Almeida Braga</subfield></datafield><datafield tag="210" ind1=" " ind2=" "><subfield code="a">Porto</subfield><subfield code="c">Civilização</subfield><subfield code="d">1971</subfield></datafield><datafield tag="215" ind1=" " ind2=" "><subfield code="a">383, [1] p.</subfield><subfield code="d">19 cm</subfield></datafield><datafield tag="675" ind1=" " ind2=" "><subfield code="a">820(73)</subfield><subfield code="v">med</subfield><subfield code="z">por</subfield></datafield><datafield tag="700" ind1=" " ind2="1"><subfield code="a">Depong</subfield><subfield code="b">Meindert</subfield></datafield><datafield tag="702" ind1=" " ind2="1"><subfield code="a">Braga</subfield><subfield code="b">Maria Isabel Morna</subfield><subfield code="4">730</subfield></datafield><datafield tag="702" ind1=" " ind2="1"><subfield code="a">Braga</subfield><subfield code="b">Mário</subfield><subfield code="f">1921-</subfield></datafield><datafield tag="801" ind1=" " ind2="0"><subfield code="a">PT</subfield><subfield code="b">Biblioteca Municipal de Montalegre</subfield><subfield code="g">RPC</subfield></datafield><datafield tag="909" ind1="&#9;" ind2=" "><subfield code="a">1</subfield></datafield><datafield tag="966" ind1=" " ind2=" "><subfield code="a">0003281</subfield><subfield code="l">BMM</subfield><subfield code="s">SJ 087.5 DEJ nin</subfield></datafield></record></collection>